@InProceedings{Deng:ICML2021,
  author    = {Weijian Deng and Stephen Gould and Liang Zheng},
  booktitle = {ICML},
  title     = {What Does Rotation Prediction Tell Us about Classifier Accuracy under Varying Testing Environments?},
  year      = {2021},
}

@Article{nasteski2017overview,
  author  = {Nasteski, Vladimir},
  journal = {Horizons. b},
  title   = {An overview of the supervised machine learning methods},
  year    = {2017},
  pages   = {51--62},
  volume  = {4},
}

@Article{dridi2021supervised,
  author    = {Dridi, Salim},
  title     = {Supervised Learning-A Systematic Literature Review},
  year      = {2021},
  publisher = {OSF Preprints},
}

@InProceedings{gopalan2011domain,
  author       = {Gopalan, Raghuraman and Li, Ruonan and Chellappa, Rama},
  booktitle    = {2011 international conference on computer vision},
  title        = {Domain adaptation for object recognition: An unsupervised approach},
  year         = {2011},
  organization = {IEEE},
  pages        = {999--1006},
}

@Article{krizhevsky2009learning,
  author    = {Krizhevsky, Alex and Hinton, Geoffrey and others},
  title     = {Learning multiple layers of features from tiny images},
  year      = {2009},
  publisher = {Toronto, ON, Canada},
}

@InProceedings{deng2009imagenet,
  author       = {Deng, Jia and Dong, Wei and Socher, Richard and Li, Li-Jia and Li, Kai and Fei-Fei, Li},
  booktitle    = {2009 IEEE conference on computer vision and pattern recognition},
  title        = {Imagenet: A large-scale hierarchical image database},
  year         = {2009},
  organization = {Ieee},
  pages        = {248--255},
}

@Article{deng2012mnist,
  author    = {Deng, Li},
  journal   = {IEEE Signal Processing Magazine},
  title     = {The mnist database of handwritten digit images for machine learning research},
  year      = {2012},
  number    = {6},
  pages     = {141--142},
  volume    = {29},
  publisher = {IEEE},
}

@Article{cocodataset,
  author        = {Tsung{-}Yi Lin and Michael Maire and Serge J. Belongie and Lubomir D. Bourdev and Ross B. Girshick and James Hays and Pietro Perona and Deva Ramanan and Piotr Doll{'{a} }r and C. Lawrence Zitnick},
  journal       = {CoRR},
  title         = {Microsoft {COCO:} Common Objects in Context},
  year          = {2014},
  volume        = {abs/1405.0312},
  archiveprefix = {arXiv},
  bibsource     = {dblp computer science bibliography, https://dblp.org},
  biburl        = {https://dblp.org/rec/bib/journals/corr/LinMBHPRDZ14},
  eprint        = {1405.0312},
  timestamp     = {Mon, 13 Aug 2018 16:48:13 +0200},
  url           = {http://arxiv.org/abs/1405.0312},
}

@Article{singh2020image,
  author  = {Singh, Ankita and Singh, Pawan},
  journal = {Journal of Informatics Electrical and Electronics Engineering (JIEEE)},
  title   = {Image classification: a survey},
  year    = {2020},
  number  = {2},
  pages   = {1--9},
  volume  = {1},
}

@Article{du2019self,
  author  = {Du, Shuyang and Guo, Haoli and Simpson, Andrew},
  journal = {arXiv preprint arXiv:1912.05440},
  title   = {Self-driving car steering angle prediction based on image recognition},
  year    = {2019},
}

@InProceedings{kulkarni2018traffic,
  author       = {Kulkarni, Ruturaj and Dhavalikar, Shruti and Bangar, Sonal},
  booktitle    = {2018 Fourth International Conference on Computing Communication Control and Automation (ICCUBEA)},
  title        = {Traffic light detection and recognition for self driving cars using deep learning},
  year         = {2018},
  organization = {IEEE},
  pages        = {1--4},
}

@Article{kuehnle1998winter,
  author    = {Kuehnle, Andreas and Burghout, Wilco},
  journal   = {Transportation research record},
  title     = {Winter road condition recognition using video image classification},
  year      = {1998},
  number    = {1},
  pages     = {29--33},
  volume    = {1627},
  publisher = {SAGE Publications Sage CA: Los Angeles, CA},
}

@Article{kunkel2020quality,
  author    = {Kunkel, Maximilian Hugo and Gebhardt, Andreas and Mpofu, Khumbulani and Kallweit, Stephan},
  journal   = {Rapid Prototyping Journal},
  title     = {Quality assurance in metal powder bed fusion via deep-learning-based image classification},
  year      = {2020},
  number    = {2},
  pages     = {259--266},
  volume    = {26},
  publisher = {Emerald Publishing Limited},
}

@Article{gilloux1993research,
  author    = {Gilloux, Michel},
  journal   = {Pattern Recognition Letters},
  title     = {Research into the new generation of character and mailing address recognition systems at the French post office research center},
  year      = {1993},
  number    = {4},
  pages     = {267--276},
  volume    = {14},
  publisher = {Elsevier},
}

@Article{abbas2021classification,
  author    = {Abbas, Asmaa and Abdelsamea, Mohammed M and Gaber, Mohamed Medhat},
  journal   = {Applied Intelligence},
  title     = {Classification of COVID-19 in chest X-ray images using DeTraC deep convolutional neural network},
  year      = {2021},
  pages     = {854--864},
  volume    = {51},
  publisher = {Springer},
}

@InProceedings{wang2017chestx,
  author    = {Wang, Xiaosong and Peng, Yifan and Lu, Le and Lu, Zhiyong and Bagheri, Mohammadhadi and Summers, Ronald M},
  booktitle = {Proceedings of the IEEE conference on computer vision and pattern recognition},
  title     = {Chestx-ray8: Hospital-scale chest x-ray database and benchmarks on weakly-supervised classification and localization of common thorax diseases},
  year      = {2017},
  pages     = {2097--2106},
}

@InProceedings{fischer2015image,
  author       = {Fischer, Philipp and Dosovitskiy, Alexey and Brox, Thomas},
  booktitle    = {Pattern Recognition: 37th German Conference, GCPR 2015, Aachen, Germany, October 7-10, 2015, Proceedings 37},
  title        = {Image orientation estimation with convolutional networks},
  year         = {2015},
  organization = {Springer},
  pages        = {368--378},
}

@InProceedings{413886,
  author    = {Haglund, L. and Fleet, D.J.},
  booktitle = {Proceedings of 1st International Conference on Image Processing},
  title     = {Stable estimation of image orientation},
  year      = {1994},
  pages     = {68-72 vol.3},
  volume    = {3},
  doi       = {10.1109/ICIP.1994.413886},
}

@Article{8932427,
  author  = {Prince, Master and Alsuhibany, Suliman A. and Siddiqi, Nahid A.},
  journal = {IEEE Access},
  title   = {A Step Towards the Optimal Estimation of Image Orientation},
  year    = {2019},
  pages   = {185750-185759},
  volume  = {7},
  doi     = {10.1109/ACCESS.2019.2959666},
}

@InProceedings{noroozi2016unsupervised,
  author       = {Noroozi, Mehdi and Favaro, Paolo},
  booktitle    = {Computer Vision--ECCV 2016: 14th European Conference, Amsterdam, The Netherlands, October 11-14, 2016, Proceedings, Part VI},
  title        = {Unsupervised learning of visual representations by solving jigsaw puzzles},
  year         = {2016},
  organization = {Springer},
  pages        = {69--84},
}

@InProceedings{8451094,
  author    = {Paumard, Marie-Morgane and Picard, David and Tabia, Hedi},
  booktitle = {2018 25th IEEE International Conference on Image Processing (ICIP)},
  title     = {Jigsaw Puzzle Solving Using Local Feature Co-Occurrences in Deep Neural Networks},
  year      = {2018},
  pages     = {1018-1022},
  doi       = {10.1109/ICIP.2018.8451094},
}

@Article{gidaris2018unsupervised,
  author  = {Gidaris, Spyros and Singh, Praveer and Komodakis, Nikos},
  journal = {arXiv preprint arXiv:1803.07728},
  title   = {Unsupervised representation learning by predicting image rotations},
  year    = {2018},
}

@InProceedings{deng2021labels,
  author    = {Deng, Weijian and Zheng, Liang},
  booktitle = {Proceedings of the IEEE/CVF Conference on Computer Vision and Pattern Recognition},
  title     = {Are labels always necessary for classifier accuracy evaluation?},
  year      = {2021},
  pages     = {15069--15078},
}

@Article{recht2018cifar10.1,
  author = {Benjamin Recht and Rebecca Roelofs and Ludwig Schmidt and Vaishaal Shankar},
  title  = {Do CIFAR-10 Classifiers Generalize to CIFAR-10?},
  year   = {2018},
  note   = {\url{https://arxiv.org/abs/1806.00451}},
}

@Article{torralba2008tinyimages,
  author  = {Antonio Torralba and Rob Fergus and William T. Freeman},
  journal = {IEEE Transactions on Pattern Analysis and Machine Intelligence},
  title   = {80 Million Tiny Images: A Large Data Set for Nonparametric Object and Scene Recognition},
  year    = {2008},
  number  = {11},
  pages   = {1958-1970},
  volume  = {30},
}

@Article{hendrycks2019robustness,
  author  = {Dan Hendrycks and Thomas Dietterich},
  journal = {Proceedings of the International Conference on Learning Representations},
  title   = {Benchmarking Neural Network Robustness to Common Corruptions and Perturbations},
  year    = {2019},
}

@Software{Koh-u7122029-autoeval-baselines,
  author = {Koh, Callum},
  title  = {{u7122029/autoeval-baselines}},
  url    = {https://github.com/u7122029/autoeval_baselines?organization=u7122029&organization=u7122029},
  year   = {2023},
}

@Article{DBLP:journals/corr/HeZRS15,
  author     = {Kaiming He and Xiangyu Zhang and Shaoqing Ren and Jian Sun},
  journal    = {CoRR},
  title      = {Deep Residual Learning for Image Recognition},
  year       = {2015},
  volume     = {abs/1512.03385},
  bibsource  = {dblp computer science bibliography, https://dblp.org},
  biburl     = {https://dblp.org/rec/journals/corr/HeZRS15.bib},
  eprint     = {1512.03385},
  eprinttype = {arXiv},
  timestamp  = {Wed, 25 Jan 2023 11:01:16 +0100},
  url        = {http://arxiv.org/abs/1512.03385},
}

@Software{Chen-pytorch-cifar-models,
  author  = {Chen, Yaofo},
  license = {BSD-3-Clause},
  title   = {{pytorch-cifar-models}},
  url     = {https://github.com/chenyaofo/pytorch-cifar-models},
}

@Software{Koh-pytorch-resnet-cifar10,
  author  = {Koh, Callum},
  license = {BSD-2-Clause},
  title   = {{ pytorch-resnet-cifar10}},
  url     = {https://github.com/akamaster/pytorch_resnet_cifar10},
  year    = {2023},
}

@Misc{Idelbayev18a,
  author       = {Yerlan Idelbayev},
  howpublished = {\url{https://github.com/akamaster/pytorch_resnet_cifar10}},
  note         = {Accessed: 20xx-xx-xx},
  title        = {Proper {ResNet} Implementation for {CIFAR10/CIFAR100} in {PyTorch}},
}

@Article{DBLP:journals/corr/abs-1905-02244,
  author     = {Andrew Howard and Mark Sandler and Grace Chu and Liang{-}Chieh Chen and Bo Chen and Mingxing Tan and Weijun Wang and Yukun Zhu and Ruoming Pang and Vijay Vasudevan and Quoc V. Le and Hartwig Adam},
  journal    = {CoRR},
  title      = {Searching for MobileNetV3},
  year       = {2019},
  volume     = {abs/1905.02244},
  bibsource  = {dblp computer science bibliography, https://dblp.org},
  biburl     = {https://dblp.org/rec/journals/corr/abs-1905-02244.bib},
  eprint     = {1905.02244},
  eprinttype = {arXiv},
  timestamp  = {Thu, 27 May 2021 16:20:51 +0200},
  url        = {http://arxiv.org/abs/1905.02244},
}

@Article{DBLP:journals/corr/SzegedyVISW15,
  author     = {Christian Szegedy and Vincent Vanhoucke and Sergey Ioffe and Jonathon Shlens and Zbigniew Wojna},
  journal    = {CoRR},
  title      = {Rethinking the Inception Architecture for Computer Vision},
  year       = {2015},
  volume     = {abs/1512.00567},
  bibsource  = {dblp computer science bibliography, https://dblp.org},
  biburl     = {https://dblp.org/rec/journals/corr/SzegedyVISW15.bib},
  eprint     = {1512.00567},
  eprinttype = {arXiv},
  timestamp  = {Mon, 13 Aug 2018 16:49:07 +0200},
  url        = {http://arxiv.org/abs/1512.00567},
}

@Article{DBLP:journals/corr/abs-2101-03697,
  author     = {Xiaohan Ding and Xiangyu Zhang and Ningning Ma and Jungong Han and Guiguang Ding and Jian Sun},
  journal    = {CoRR},
  title      = {RepVGG: Making VGG-style ConvNets Great Again},
  year       = {2021},
  volume     = {abs/2101.03697},
  bibsource  = {dblp computer science bibliography, https://dblp.org},
  biburl     = {https://dblp.org/rec/journals/corr/abs-2101-03697.bib},
  eprint     = {2101.03697},
  eprinttype = {arXiv},
  timestamp  = {Mon, 26 Sep 2022 12:21:57 +0200},
  url        = {https://arxiv.org/abs/2101.03697},
}

@Article{DBLP:journals/corr/HuangLW16a,
  author     = {Gao Huang and Zhuang Liu and Kilian Q. Weinberger},
  journal    = {CoRR},
  title      = {Densely Connected Convolutional Networks},
  year       = {2016},
  volume     = {abs/1608.06993},
  bibsource  = {dblp computer science bibliography, https://dblp.org},
  biburl     = {https://dblp.org/rec/journals/corr/HuangLW16a.bib},
  eprint     = {1608.06993},
  eprinttype = {arXiv},
  timestamp  = {Mon, 10 Sep 2018 15:49:32 +0200},
  url        = {http://arxiv.org/abs/1608.06993},
}

@Article{DBLP:journals/corr/ZhangZLS17,
  author     = {Xiangyu Zhang and Xinyu Zhou and Mengxiao Lin and Jian Sun},
  journal    = {CoRR},
  title      = {ShuffleNet: An Extremely Efficient Convolutional Neural Network for Mobile Devices},
  year       = {2017},
  volume     = {abs/1707.01083},
  bibsource  = {dblp computer science bibliography, https://dblp.org},
  biburl     = {https://dblp.org/rec/journals/corr/ZhangZLS17.bib},
  eprint     = {1707.01083},
  eprinttype = {arXiv},
  timestamp  = {Tue, 31 Aug 2021 13:57:12 +0200},
  url        = {http://arxiv.org/abs/1707.01083},
}

@Article{krizhevsky2017imagenet,
  author    = {Krizhevsky, Alex and Sutskever, Ilya and Hinton, Geoffrey E},
  journal   = {Communications of the ACM},
  title     = {Imagenet classification with deep convolutional neural networks},
  year      = {2017},
  number    = {6},
  pages     = {84--90},
  volume    = {60},
  publisher = {AcM New York, NY, USA},
}

@Article{nagelkerke1991note,
  author    = {Nagelkerke, Nico JD and others},
  journal   = {Biometrika},
  title     = {A note on a general definition of the coefficient of determination},
  year      = {1991},
  number    = {3},
  pages     = {691--692},
  volume    = {78},
  publisher = {Oxford University Press},
}

@Article{chai2014root,
  author    = {Chai, Tianfeng and Draxler, Roland R},
  journal   = {Geoscientific model development},
  title     = {Root mean square error (RMSE) or mean absolute error (MAE)?--Arguments against avoiding RMSE in the literature},
  year      = {2014},
  number    = {3},
  pages     = {1247--1250},
  volume    = {7},
  publisher = {Copernicus Publications G{\"o}ttingen, Germany},
}

@Article{726791,
  author  = {Lecun, Y. and Bottou, L. and Bengio, Y. and Haffner, P.},
  journal = {Proceedings of the IEEE},
  title   = {Gradient-based learning applied to document recognition},
  year    = {1998},
  number  = {11},
  pages   = {2278-2324},
  volume  = {86},
  doi     = {10.1109/5.726791},
}

@Article{Belov2018,
  author   = {Belov, A. G.},
  journal  = {Computational Mathematics and Modeling},
  title    = {A Mathematical-Statistics Approach to the Least Squares Method},
  year     = {2018},
  issn     = {1573-837X},
  month    = {Jan},
  number   = {1},
  pages    = {30-41},
  volume   = {29},
  abstract = {We consider a mathematical-statistics approach to least-squares parameter estimation in a linear multiple regression model. This approach has led to a detailed description of the basic premises for the emergence and application of the least-squares method, produced a number of general distributional and statistical formulas for the estimation of model parameters independently of a specific joint distribution of the random variables, provided a deeper understanding of the parameter estimation risks associated with model specification errors, and made it possible to identify the place and role of knowledge of the theoretical and empirical distributions of observation errors.},
  day      = {01},
  doi      = {10.1007/s10598-018-9385-6},
  url      = {https://doi.org/10.1007/s10598-018-9385-6},
}

@InCollection{NEURIPS2019_9015,
  author    = {Paszke, Adam and Gross, Sam and Massa, Francisco and Lerer, Adam and Bradbury, James and Chanan, Gregory and Killeen, Trevor and Lin, Zeming and Gimelshein, Natalia and Antiga, Luca and Desmaison, Alban and Kopf, Andreas and Yang, Edward and DeVito, Zachary and Raison, Martin and Tejani, Alykhan and Chilamkurthy, Sasank and Steiner, Benoit and Fang, Lu and Bai, Junjie and Chintala, Soumith},
  booktitle = {Advances in Neural Information Processing Systems 32},
  publisher = {Curran Associates, Inc.},
  title     = {PyTorch: An Imperative Style, High-Performance Deep Learning Library},
  year      = {2019},
  pages     = {8024--8035},
  url       = {http://papers.neurips.cc/paper/9015-pytorch-an-imperative-style-high-performance-deep-learning-library.pdf},
}

@Comment{jabref-meta: databaseType:bibtex;}
